@book{Rajaraman:2011:MMD:2124405,
 author = {Rajaraman, Anand and Ullman, Jeffrey David},
 title = {Mining of Massive Datasets},
 year = {2011},
 isbn = {1107015359, 9781107015357},
 publisher = {Cambridge University Press},
 address = {New York, NY, USA},
}